<collection xmlns="http://www.loc.gov/MARC21/slim">
<record>
  <leader>02141nam0a2200301 i 450 </leader>
  <controlfield tag="001">IT\ICCU\CNCE\029371</controlfield>
  <controlfield tag="005">20160727000000.0</controlfield>
  <datafield tag="012" ind1=" " ind2=" ">
    <subfield code="a">s..̈ c.s. r.r- siob (3) 1598 (R)</subfield>
    <subfield code="2">fei</subfield>
  </datafield>
  <datafield tag="100" ind1=" " ind2=" ">
    <subfield code="a">19971119d1598        0itac0103    ba</subfield>
  </datafield>
  <datafield tag="101" ind1=" " ind2=" ">
    <subfield code="a">LAT</subfield>
  </datafield>
  <datafield tag="102" ind1=" " ind2=" ">
    <subfield code="a">IT</subfield>
  </datafield>
  <datafield tag="200" ind1="1" ind2=" ">
    <subfield code="a">Practica. Super ritu mag. regiae curiae ac caeterarum totius regni Siciliae curiarum, quae iure optimo thesaurus iuuenum, auxilium pauperum, et baculus senum nuncupari potest. In qua praeter alia communis modus compilandi libellos, exceptiones, cedulas, supplicationes, ac denique acta omnia in quibusuis processibus vari ̈in unoquoque magistratu regni, et praesertim in m.r.c. et curia praetoriana occurrentia, accurate, ac diligenter habetur. Non solum aduocatis verum etiam procuratoribus, notariis ... Authore fr. Mariano Maringo Corleonense, Ordinis praedicatorum de penitentia. Nunc primum in lucem edita</subfield>
  </datafield>
  <datafield tag="210" ind1=" " ind2=" ">
    <subfield code="a">Panormi</subfield>
    <subfield code="c">apud Gio. Baptistam Maringum</subfield>
    <subfield code="d">1598</subfield>
  </datafield>
  <datafield tag="215" ind1=" " ind2=" ">
    <subfield code="a">\12!, 223 \i.e. 224!, \16! p.</subfield>
    <subfield code="d">fol</subfield>
  </datafield>
  <datafield tag="620" ind1=" " ind2=" ">
    <subfield code="a">IT</subfield>
    <subfield code="d">Palermo</subfield>
  </datafield>
  <datafield tag="700" ind1=" " ind2="1">
    <subfield code="a">Maringo,</subfield>
    <subfield code="b">Mariano</subfield>
    <subfield code="3">IT\ICCU\CNCA\008797</subfield>
  </datafield>
  <datafield tag="712" ind1="0" ind2="0">
    <subfield code="a">Maringo, Giovanni Battista</subfield>
    <subfield code="3">IT\ICCU\CNCT\001070</subfield>
    <subfield code="4">650</subfield>
  </datafield>
  <datafield tag="712" ind1="0" ind2="2">
    <subfield code="a">Tipografo non identificato</subfield>
    <subfield code="3">IT\ICCU\CNCT\003341</subfield>
    <subfield code="4">650</subfield>
  </datafield>
  <datafield tag="790" ind1=" " ind2="1">
    <subfield code="a">Maringus,</subfield>
    <subfield code="b">Marianus</subfield>
    <subfield code="3">IT\ICCU\CNCA\020992</subfield>
    <subfield code="z">Maringo, Mariano</subfield>
  </datafield>
  <datafield tag="791" ind1="0" ind2="0">
    <subfield code="a">Maringhus, Ioannes Baptista</subfield>
    <subfield code="3">IT\ICCU\CNCT\005034</subfield>
    <subfield code="z">Maringo, Giovanni Battista</subfield>
  </datafield>
  <datafield tag="791" ind1="0" ind2="0">
    <subfield code="a">Maringhi, Baptista</subfield>
    <subfield code="3">IT\ICCU\CNCT\005035</subfield>
    <subfield code="z">Maringo, Giovanni Battista</subfield>
  </datafield>
  <datafield tag="801" ind1=" " ind2="3">
    <subfield code="a">IT</subfield>
    <subfield code="b">ICCU</subfield>
    <subfield code="c">20201114</subfield>
  </datafield>
  <datafield tag="899" ind1=" " ind2=" ">
    <subfield code="a">Biblioteca della Facolt ̉di giurisprudenza. Seminario giuridico dell&apos;Universit ̉degli studi di Catania. Catania</subfield>
    <subfield code="1">CT0029</subfield>
    <subfield code="2">ZCT 10</subfield>
  </datafield>
  <datafield tag="899" ind1=" " ind2=" ">
    <subfield code="a">Biblioteca provinciale dei frati minori cappuccini Madonna di Pompei. Messina</subfield>
    <subfield code="1">ME0179</subfield>
    <subfield code="2">MES FC</subfield>
  </datafield>
  <datafield tag="899" ind1=" " ind2=" ">
    <subfield code="a">Biblioteca centrale della Regione siciliana Alberto Bombace. Palermo</subfield>
    <subfield code="1">PA0064</subfield>
    <subfield code="2">PAL BP</subfield>
  </datafield>
  <datafield tag="899" ind1=" " ind2=" ">
    <subfield code="a">Biblioteca interna dell&apos;Archivio di Stato. Palermo</subfield>
    <subfield code="1">PA0083</subfield>
    <subfield code="2">ZPA 26</subfield>
  </datafield>
  <datafield tag="911" ind1=" " ind2=" ">
    <subfield code="a">Sul front.</subfield>
    <subfield code="9">IT\ICCU\CNCM\000971</subfield>
  </datafield>
  <datafield tag="921" ind1=" " ind2=" ">
    <subfield code="a">IT\ICCU\CNCM\000971</subfield>
    <subfield code="b">Cavallo impennato sormontato dalla luna e da tre stelle. In cornice figurata</subfield>
    <subfield code="c">U56</subfield>
    <subfield code="d">Dimensioni: 6,9 x 7,8</subfield>
    <subfield code="f">CAVALLO</subfield>
    <subfield code="f">LUNA</subfield>
    <subfield code="f">STELLE</subfield>
    <subfield code="g">1597-1598</subfield>
  </datafield>
</record>
</collection>
